<record><leader>00000cas a2200000 i 4500</leader><controlfield tag="001">934719869</controlfield><controlfield tag="007">hd afb---baca</controlfield><controlfield tag="008">160114d19221991mnudr n       0    0ruso </controlfield><datafield ind1=" " ind2=" " tag="010"><subfield code="a">  2016212402</subfield></datafield><datafield ind1=" " ind2=" " tag="040"><subfield code="a">DLC</subfield><subfield code="b">eng</subfield><subfield code="c">DLC</subfield><subfield code="e">rda</subfield><subfield code="d">DLC</subfield><subfield code="d">OCLCO</subfield><subfield code="d">OCLCF</subfield><subfield code="d">OCLCO</subfield></datafield><datafield ind1=" " ind2=" " tag="042"><subfield code="a">pcc</subfield></datafield><datafield ind1=" " ind2=" " tag="043"><subfield code="a">a-gs---</subfield></datafield><datafield ind1="0" ind2="0" tag="050"><subfield code="a">Newspaper microfilm</subfield></datafield><datafield ind1="0" ind2="0" tag="245"><subfield code="a">Zari&#65056;a&#65057; vostoka.</subfield></datafield><datafield ind1=" " ind2="1" tag="264"><subfield code="a">Minneapolis, MN :</subfield><subfield code="b">East View Information Services</subfield></datafield><datafield ind1=" " ind2=" " tag="300"><subfield code="a">microfilm reels ;</subfield><subfield code="c">35 mm</subfield></datafield><datafield ind1=" " ind2=" " tag="310"><subfield code="a">Daily</subfield></datafield><datafield ind1=" " ind2=" " tag="336"><subfield code="a">text</subfield><subfield code="2">rdacontent</subfield></datafield><datafield ind1=" " ind2=" " tag="337"><subfield code="a">microform</subfield><subfield code="2">rdamedia</subfield></datafield><datafield ind1=" " ind2=" " tag="338"><subfield code="a">microfilm reel</subfield><subfield code="2">rdacarrier</subfield></datafield><datafield ind1="1" ind2=" " tag="362"><subfield code="a">Began in 1922; ceased publication in 1991.</subfield></datafield><datafield ind1=" " ind2="0" tag="651"><subfield code="a">Georgia (Republic)</subfield><subfield code="v">Newspapers.</subfield></datafield><datafield ind1=" " ind2="0" tag="651"><subfield code="a">Georgia (Republic)</subfield><subfield code="x">Politics and government</subfield><subfield code="v">Newspapers.</subfield></datafield><datafield ind1="2" ind2="0" tag="610"><subfield code="a">Sak&#699;art&#699;velos komunisturi partia</subfield><subfield code="v">Newspapers.</subfield></datafield><datafield ind1=" " ind2="7" tag="655"><subfield code="a">Newspapers.</subfield><subfield code="2">fast</subfield><subfield code="0">(OCoLC)fst01423814</subfield></datafield><datafield ind1="2" ind2="7" tag="610"><subfield code="a">Sak&#699;art&#699;velos komunisturi partia.</subfield><subfield code="2">fast</subfield><subfield code="0">(OCoLC)fst00552657</subfield></datafield><datafield ind1=" " ind2="7" tag="650"><subfield code="a">Politics and government.</subfield><subfield code="2">fast</subfield><subfield code="0">(OCoLC)fst01919741</subfield></datafield><datafield ind1=" " ind2="7" tag="651"><subfield code="a">Georgia (Republic)</subfield><subfield code="2">fast</subfield><subfield code="0">(OCoLC)fst01221658</subfield></datafield><datafield ind1="2" ind2=" " tag="710"><subfield code="a">Sak&#699;art&#699;velos komunisturi partia.</subfield></datafield><datafield ind1="0" ind2="8" tag="776"><subfield code="i">Reproduction of (manifestation)</subfield><subfield code="t">Zari&#65056;a&#65057; vostoka.</subfield><subfield code="d">Tbilisi : T&#65056;S&#65057;entral&#697;nyi&#774; komitet</subfield></datafield><datafield ind1=" " ind2=" " tag="850"><subfield code="a">DLC</subfield></datafield></record>